% This file was created with JabRef 2.9.2.
% Encoding: Cp1252

@MISC{BDSG13,
  author = {Bundesdatenschutzgesetz},
  title = {{BDSG - nichtamtliches Inhaltsverzeichnis - Bundesdatenschutzgesetz}},
  year = {2013},
  url = {http://www.gesetze-im-internet.de/bdsg_1990/}
}
